<record xmlns="http://www.loc.gov/MARC21/slim" xmlns:xsi="http://www.w3.org/2001/XMLSchema-instance" xsi:schemaLocation="http://www.loc.gov/MARC21/slim http://www.loc.gov/standards/marcxml/schema/MARC21slim.xsd"><leader>03012nam a2200493   4500</leader><controlfield tag="001">5082236</controlfield><controlfield tag="003">NIC</controlfield><controlfield tag="006">m        d        </controlfield><controlfield tag="007">cr cn |||m|||a</controlfield><controlfield tag="008">150223s2000    ua      ob    000 p ara d</controlfield><datafield ind1=" " ind2=" " tag="020"><subfield code="z">9775250676</subfield></datafield><datafield ind1=" " ind2=" " tag="020"><subfield code="z">9789775250674</subfield></datafield><datafield ind1=" " ind2=" " tag="040"><subfield code="a">NNU</subfield><subfield code="b">eng</subfield><subfield code="e">rda</subfield><subfield code="c">NNU</subfield></datafield><datafield ind1="0" ind2=" " tag="041"><subfield code="a">ara</subfield><subfield code="b">eng</subfield></datafield><datafield ind1=" " ind2="4" tag="050"><subfield code="a">PJ7643</subfield><subfield code="b">.A1 2000</subfield></datafield><datafield ind1="0" ind2=" " tag="100"><subfield code="6">880-01</subfield><subfield code="a">Mufad&#803;d&#803;al ibn Muh&#803;ammad al-D&#803;abbi&#772;,</subfield><subfield code="d">active 8th century.</subfield></datafield><datafield ind1="1" ind2="0" tag="240"><subfield code="6">880-02</subfield><subfield code="a">Mufad&#803;d&#803;ali&#772;ya&#772;t</subfield></datafield><datafield ind1="1" ind2="0" tag="245"><subfield code="6">880-03</subfield><subfield code="a">Di&#772;wa&#772;n al-Mufad&#803;d&#803;ali&#772;ya&#772;t :</subfield><subfield code="b">wa-hiya nukhbah min qas&#803;a&#772;&#700;id al-shu&#699;ara&#772;&#700; al-muqalli&#772;n fi&#772; al-Ja&#772;hili&#772;yah wa-awa&#772;&#700;il al-Isla&#772;m /</subfield><subfield code="c">ikhta&#772;raha&#772; Abu&#772; al-&#699;Abba&#772;s al-Mufad&#803;d&#803;al ibn Muh&#803;ammad al-Dabbi&#772;. Ma&#699;a sharh&#803; wa&#772;fir / li-Abi&#772; Muh&#803;ammad al-Qa&#772;sim ibn Muh&#803;ammad ibn Bashsha&#772;r al-Anba&#772;ri&#772;.</subfield></datafield><datafield ind1="1" ind2="5" tag="246"><subfield code="a">Mufaddali&#772;ya&#772;t, an anthology of ancient Arabian odes</subfield></datafield><datafield ind1=" " ind2=" " tag="250"><subfield code="6">880-04</subfield><subfield code="a">al-T&#803;ab&#699;ah 1.</subfield></datafield><datafield ind1=" " ind2=" " tag="260"><subfield code="6">880-05</subfield><subfield code="a">al-Z&#803;a&#772;hir [Cairo] :</subfield><subfield code="b">Maktabat al-Thaqa&#772;fah al-Di&#772;ni&#772;yah,</subfield><subfield code="c">2000.</subfield></datafield><datafield ind1=" " ind2=" " tag="300"><subfield code="a">online resource (892, xxxviii pages)</subfield></datafield><datafield ind1=" " ind2=" " tag="336"><subfield code="a">text</subfield><subfield code="2">rdacontent</subfield></datafield><datafield ind1=" " ind2=" " tag="337"><subfield code="a">computer</subfield><subfield code="2">rdamedia</subfield></datafield><datafield ind1=" " ind2=" " tag="338"><subfield code="a">online resource</subfield><subfield code="2">rdacarrier</subfield></datafield><datafield ind1=" " ind2=" " tag="500"><subfield code="a">Part of the Arabic Collections Online (ACO) project, contributed by Cornell University Libraries.</subfield></datafield><datafield ind1=" " ind2=" " tag="533"><subfield code="a">Electronic reproduction.</subfield><subfield code="b">New York, N.Y. :</subfield><subfield code="c">New York University,</subfield><subfield code="d">2015.</subfield><subfield code="5">NNU</subfield></datafield><datafield ind1=" " ind2=" " tag="546"><subfield code="a">Preface in English.</subfield></datafield><datafield ind1=" " ind2="0" tag="650"><subfield code="a">Arabic poetry.</subfield></datafield><datafield ind1=" " ind2="7" tag="650"><subfield code="a">Arabic poetry.</subfield><subfield code="2">fast</subfield><subfield code="0">(OCoLC)fst00812533</subfield></datafield><datafield ind1="1" ind2=" " tag="700"><subfield code="6">880-06</subfield><subfield code="a">Ibn al-Anba&#772;ri&#772;, Muh&#803;ammad ibn al-Qa&#772;sim,</subfield><subfield code="d">885-940?</subfield></datafield><datafield ind1="2" ind2=" " tag="710"><subfield code="a">Cornell University.</subfield><subfield code="b">Libraries.</subfield></datafield><datafield ind1="0" ind2=" " tag="730"><subfield code="a">Arabic Collections Online.</subfield></datafield><datafield ind1="0" ind2="8" tag="776"><subfield code="i">Online version:</subfield><subfield code="a">Mufad&#803;d&#803;al ibn Muh&#803;ammad al-D&#803;abbi&#772;, 8th cent.</subfield><subfield code="s">Mufad&#803;d&#803;ali&#772;ya&#772;t. 2000.</subfield><subfield code="t">Di&#772;wa&#772;n al-Mufad&#803;d&#803;ali&#772;ya&#772;t.</subfield><subfield code="b">al-T&#803;ab&#699;ah 1.</subfield><subfield code="d">al-Z&#803;a&#772;hir [Cairo] : Maktabat al-Thaqa&#772;fah al-Di&#772;ni&#772;yah, 2000</subfield><subfield code="w">(OCoLC)812129660</subfield></datafield><datafield ind1="0" ind2="8" tag="776"><subfield code="i">Print version:</subfield><subfield code="a">Mufad&#803;d&#803;al ibn Muh&#803;ammad al-D&#803;abbi&#772;, active 8th century.</subfield><subfield code="t">Di&#772;wa&#772;n al-Mufad&#803;d&#803;ali&#772;ya&#772;t</subfield><subfield code="w">(NIC)5082236</subfield><subfield code="w">(OCoLC)44271222</subfield><subfield code="z">9775250676</subfield><subfield code="z">9789775250674</subfield></datafield><datafield ind1="4" ind2="0" tag="856"><subfield code="u">http://hdl.handle.net/2333.1/cjsxkvvq</subfield></datafield><datafield ind1="0" ind2=" " tag="880"><subfield code="6">100-01/r</subfield><subfield code="a">&#1605;&#1601;&#1590;&#1604; &#1576;&#1606; &#1605;&#1581;&#1605;&#1583; &#1575;&#1604;&#1590;&#1576;&#1610;&#1548;</subfield><subfield code="d">active 8th century.</subfield></datafield><datafield ind1="1" ind2="0" tag="880"><subfield code="6">240-02/r</subfield><subfield code="a">&#1605;&#1601;&#1590;&#1604;&#1610;&#1575;&#1578;</subfield></datafield><datafield ind1="1" ind2="0" tag="880"><subfield code="6">245-03/r</subfield><subfield code="a">&#1583;&#1610;&#1608;&#1575;&#1606; &#1575;&#1604;&#1605;&#1601;&#1590;&#1604;&#1610;&#1575;&#1578; :</subfield><subfield code="b">&#1608;&#1607;&#1610; &#1606;&#1582;&#1576;&#1577; &#1605;&#1606; &#1602;&#1589;&#1575;&#1574;&#1583; &#1575;&#1604;&#1588;&#1593;&#1585;&#1575;&#1569; &#1575;&#1604;&#1605;&#1602;&#1604;&#1610;&#1606; &#1601;&#1610; &#1575;&#1604;&#1580;&#1575;&#1607;&#1604;&#1610;&#1577; &#1608;&#1575;&#1608;&#1575;&#1574;&#1604; &#1575;&#1604;&#1575;&#1587;&#1604;&#1575;&#1605; /</subfield><subfield code="c">&#1575;&#1582;&#1578;&#1575;&#1585;&#1607;&#1575; &#1575;&#1576;&#1608; &#1575;&#1604;&#1593;&#1576;&#1575;&#1587; &#1575;&#1604;&#1605;&#1601;&#1590;&#1604; &#1576;&#1606; &#1605;&#1581;&#1605;&#1583; &#1575;&#1604;&#1583;&#1576;&#1610;. &#1605;&#1593; &#1588;&#1585;&#1581; &#1608;&#1575;&#1601;&#1585; / &#1604;&#1575;&#1576;&#1610; &#1605;&#1581;&#1605;&#1583; &#1575;&#1604;&#1602;&#1575;&#1587;&#1605; &#1576;&#1606; &#1605;&#1581;&#1605;&#1583; &#1576;&#1606; &#1576;&#1588;&#1575;&#1585; &#1575;&#1604;&#1575;&#1606;&#1576;&#1575;&#1585;&#1610;.</subfield></datafield><datafield ind1=" " ind2=" " tag="880"><subfield code="6">250-04/r</subfield><subfield code="a">&#1575;&#1604;&#1591;&#1576;&#1593;&#1577; 1.</subfield></datafield><datafield ind1=" " ind2=" " tag="880"><subfield code="6">260-05/r</subfield><subfield code="a">&#1575;&#1604;&#1592;&#1575;&#1607;&#1585; [&#1575;&#1604;&#1602;&#1575;&#1607;&#1585;&#1577;] :</subfield><subfield code="b">&#1605;&#1603;&#1578;&#1576;&#1577; &#1575;&#1604;&#1579;&#1602;&#1575;&#1601;&#1577; &#1575;&#1604;&#1583;&#1610;&#1606;&#1610;&#1577;&#1548;</subfield><subfield code="c">2000.</subfield></datafield><datafield ind1="1" ind2=" " tag="880"><subfield code="6">700-06/r</subfield><subfield code="a">&#1575;&#1576;&#1606; &#1575;&#1604;&#1575;&#1606;&#1576;&#1575;&#1585;&#1610;&#1548; &#1605;&#1581;&#1605;&#1583; &#1576;&#1606; &#1575;&#1604;&#1602;&#1575;&#1587;&#1605;&#1548;,</subfield><subfield code="d">885-940&#1567;.</subfield></datafield><datafield ind1=" " ind2=" " tag="959"><subfield code="a">NNU</subfield><subfield code="b">WEB</subfield><subfield code="c">GENI</subfield><subfield code="t">0</subfield><subfield code="m">Electronic access</subfield><subfield code="s">01</subfield></datafield><datafield ind1=" " ind2=" " tag="999"><subfield code="i">NIC_5082236</subfield><subfield code="o">(OCoLC)ocm44271222</subfield><subfield code="s">cornell_aco000181</subfield></datafield></record>